@online{robot,
    author = {Wikipedia},
    title = {Robô},
    year = 2020,
    url = {https://pt.wikipedia.org/wiki/Rob%C3%B4},
    urldate = {2021-05-18}
}
@online{dom-rob,
    author = {Wikipedia},
    title = {Robô doméstico - Domestic robot},
    year = 2021,
    url = {https://pt.other.wiki/wiki/Domestic_robots},
    urldate = {2021-05-18}
}
@online{history,
    author = {Wikipedia},
    title = {Domestic robot},
    year = 2018,
    url = {https://en.wikipedia.org/wiki/Domestic_robot},
    urldate = {2021-05-19}
}
@online{advantages1,
    author = {H. Soffar},
    title = {Domestic robot or Service Robots types, advantages and disadvantages},
    year = 2020,
    url = {https://www.online-sciences.com/robotics/domestic-robot-or-service-robots-types-advantages-and-disadvantages/},
    urldate = {2021-05-18}
}
@online{advantages2,
    author = {University of Reading},
    title = {Advantages and disadvantages of robots},
    year = 2021,
    url = {https://www.futurelearn.com/info/courses/begin-robotics/0/steps/2845},
    urldate = {2021-05-19}
}
@online{ai,
    author = {Parlamento Europeu},
    title = {O que é a inteligência artificial e como funciona?},
    year = 2021,
    url = {https://www.europarl.europa.eu/news/pt/headlines/society/20200827STO85804/o-que-e-a-inteligencia-artificial-e-como-funciona},
    urldate = {2021-05-19}
}
@online{airobots,
    author = {R. Bharadwaj},
    title = {Artificial Intelligence in Home Robots – Current and Future Use-Cases},
    year = 2019,
    url = {https://emerj.com/ai-sector-overviews/artificial-intelligence-home-robots-current-future-use-cases/},
    urldate = {2021-05-18}
}
@online{market,
    author = {Mordor Intelligence},
    title = {Household Robots Market - Growth, Trends, Covid-19 Impact and Forecasts (2021 - 2026)},
    year = 2020,
    url = {https://www.mordorintelligence.com/industry-reports/household-robots-market},
    urldate = {2021-05-18}
}
@online{examples,
    author = {Redação Vivo Tech},
    title = {7 robôs domésticos que facilitam o dia a dia},
    year = 2018,
    url = {https://www.vivotech.com.br/7-opcoes-de-robos-domesticos/},
    urldate = {2021-05-19}
}
@online{security,
    author = {Redação do Site Inovação Tecnológica},
    title = {Robôs domésticos põem em risco segurança e privacidade dos donos},
    year = 2009,
    url = {https://www.inovacaotecnologica.com.br/noticias/noticia.php?artigo=robos-domesticos-risco-seguranca-privacidade-donos},
    urldate = {2021-05-18}
}
@online{temi,
    author = {Redação do Site Temi},
    title = {Audio to text automatic transcription service & app},
    year = 2021,
    url = {https://www.temi.com/},
    urldate = {2021-05-20}
}
@online{ces,
    author = {Manuel Pestana Machado},
    title = {CES 2018. A maior feira de tecnologia do mundo em sete novidades},
    year = 2018,
    url = {https://observador.pt/2018/01/12/ces-2018-a-maior-feira-de-tecnologia-do-mundo-em-sete-novidades/},
    urldate = {2021-05-20}
}
@online{david-rod,
    author = {Ana Catarina Peixoto},
    title = {Startup UpHill cria algoritmos interativos para ajudar decisões dos médicos no combate à Covid-19},
    year = 2021,
    url = {https://observador.pt/2021/02/10/startup-uphill-cria-algoritmos-interativos-para-ajudar-decisoes-dos-medicos-no-combate-a-covid-19/},
    urldate = {2021-07-02}
}
@online{baby,
    author = {Raya A. Jones},
    title = {Concerning the Apperception of Robot-Assisted Chidcare},
    year = 2019,
    url = {https://link.springer.com/article/10.1007/s13347-018-0306-6},
    urldate = {2021-07-02}
}