@online{advantages,
    author = {H. Soffar},
    title = {Domestic robot or Service Robots types, advantages and disadvantages},
    year = 2020,
    url = {https://www.online-sciences.com/robotics/domestic-robot-or-service-robots-types-advantages-and-disadvantages/},
    urldate = {2021-03-31}
}
@online{airobots,
    author = {R. Bharadwaj},
    title = {Artificial Intelligence in Home Robots – Current and Future Use-Cases},
    year = 2019,
    url = {https://emerj.com/ai-sector-overviews/artificial-intelligence-home-robots-current-future-use-cases/},
    urldate = {2021-03-31}
}
@online{history,
    author = {Wikipedia},
    title = {Domestic robot},
    year = 2018,
    url = {https://en.wikipedia.org/wiki/Domestic_robot},
    urldate = {2021-03-31}
}
@online{whatare,
    author = {P. Dang},
    title = {What are domestic robots?},
    year = 2021,
    url = {https://uniduc.com/en/blog/what-are-domestic-robots},
    urldate = {2021-03-31}
}
@online{examples,
    author = {Redação Vivo Tech},
    title = {7 robôs domésticos que facilitam o dia a dia},
    year = 2018,
    url = {https://www.vivotech.com.br/7-opcoes-de-robos-domesticos/},
    urldate = {2021-03-31}
}
@online{market,
    author = {Mordor Intelligence},
    title = {Household Robots Market - Growth, Trends, Covid-19 Impact and Forecasts (2021 - 2026)},
    year = 2020,
    url = {https://www.mordorintelligence.com/industry-reports/household-robots-market},
    urldate = {2021-03-31}
}
